@misc{uci,
  title        = {Occupancy Detection Data Set},
  author       = {UCI Machine Learning Repository},
  year         = {2016},
  howpublished = {\url{https://archive.ics.uci.edu/dataset/357/occupancy+Detection}},
  note         = {Accedido: octubre 2025}
}

@misc{kagglecc0,
  title        = {Room Occupancy Detection (IoT Sensor) - CC0 License},
  author       = {Kaggle Datasets},
  year         = {2019},
  howpublished = {\url{https://www.kaggle.com/datasets/kukuroo3/room-occupancy-detection-data-iot-sensor}},
  note         = {Accedido: octubre 2025}
}

@article{candanedo2016,
  title     = {Accurate occupancy detection of an office room from light, temperature, humidity and CO2 measurements using statistical learning models},
  author    = {Candanedo, Luis M. and Feldheim, VÃ©ronique},
  journal   = {Energy and Buildings},
  volume    = {112},
  pages     = {28--39},
  year      = {2016},
  publisher = {Elsevier}
}

@article{breiman2001,
  title     = {Random Forests},
  author    = {Breiman, Leo},
  journal   = {Machine Learning},
  volume    = {45},
  number    = {1},
  pages     = {5--32},
  year      = {2001}
}

@article{cortesvapnik1995,
  title     = {Support-Vector Networks},
  author    = {Cortes, Corinna and Vapnik, Vladimir},
  journal   = {Machine Learning},
  volume    = {20},
  number    = {3},
  pages     = {273--297},
  year      = {1995}
}

@article{pedregosa2011,
  title     = {Scikit-learn: Machine Learning in Python},
  author    = {Pedregosa, Fabian and Varoquaux, Ga{\"e}l and Gramfort, Alexandre and Michel, Vincent and Thirion, Bertrand and Grisel, Olivier and Blondel, Mathieu and others},
  journal   = {Journal of Machine Learning Research},
  volume    = {12},
  pages     = {2825--2830},
  year      = {2011}
}

@inproceedings{kohavi1995,
  title     = {A Study of Cross-Validation and Bootstrap for Accuracy Estimation and Model Selection},
  author    = {Kohavi, Ron},
  booktitle = {IJCAI},
  year      = {1995},
  pages     = {1137--1145}
}

@article{hegarcia2009,
  title     = {Learning from Imbalanced Data},
  author    = {He, Haibo and Garcia, Edward A.},
  journal   = {IEEE Transactions on Knowledge and Data Engineering},
  volume    = {21},
  number    = {9},
  pages     = {1263--1284},
  year      = {2009}
}

@article{saito2015,
  title     = {The Precision-Recall Plot Is More Informative than the ROC Plot When Evaluating Binary Classifiers on Imbalanced Datasets},
  author    = {Saito, Takaya and Rehmsmeier, Marc},
  journal   = {PLOS ONE},
  year      = {2015},
  volume    = {10},
  number    = {3},
  pages     = {e0118432}
}

@techreport{nist2021,
  title       = {Integrated Sensor Data Processing for Occupancy Detection},
  author      = {Wang, Chen and Huang, Tao and Zhang, Kai},
  institution = {National Institute of Standards and Technology (NIST)},
  year        = {2021}
}
